@thesis{Mustafa,
	author = {Leutrim Mustafa},
	date = {2017-03},
	institution = {Hochschule f{\"u}r Angewante Wissenschaften Hamburg},
	title = {Entwicklung eines Authentifizierungsstandards f{\"u}r Fahrzeug-zu-Fahrzeug / Fahrzeug-zu-Infrastruktur Kommunikationssysteme}
}

@manual{MK5_Datasheet,
	author = {Fabien Cure},
	company = {Cohda Wireless},
	date = {2017-10-31},
	reference = {CWD- P0052-OBUSPEC-WW01-186},
	title = {Cohda Wireless MK5 OBU Specification},
	version = {1.6}
}

@online{cohda_wireless,
	langid = {english},
	title = {Cohda Wireless},
	url = {https://cohdawireless.com/},
	urldate = {2019-03-12}
}

@article{ICOMWirelessResearchVehicle,
	company = {ICOM},
	date = {2019-03-21},
	title = {Wireless Research Vehicle},
	url = {https://icom.hsr.ch/fileadmin/user_upload/ilt.hsr.ch/Home/PDF_Documents/MessFZ_Flyer.pdf}
}

@online{Cohda_Wireless_Hardware,
	subtitle = {MK5},
	title = {Hardware},
	url = {https://cohdawireless.com/solutions/hardware/},
	urldate = {2019-03-24}
}

@manual{KEBAP30_Datasheet,
	subtitle = {RFID \& Key},
	title = {KeContact P20 / P30b-series / c-seriesAuthorization functions},
	url = {https://www.keba.com/web/downloads/e-mobility/KeContact_P20_30bc_eu_auth_ml1.pdf}
}

@manual{KEBAP30_Comparisonsheet,
	subtitle = {Die Wallbox der n{\"a}chsten Generation},
	title = {KeContact P30},
	titleaddon = {KeContact P30 -- l{\"a}dt intelligenter als jemals zuvor},
	url = {https://www.keba.com/web/downloads/e-mobility/KeContact_P30_Datenblatt_DE.pdf}
}

@online{KEBAP30_UDP_Programmers_Guide,
	subtitle = {Die Wallbox der n{\"a}chsten Generation},
	title = {KeContact P20 / P30 UDP Programmers Guide},
	url = {https://www.keba.com/web/downloads/e-mobility/KeContact_P20_P30_UDP_ProgrGuide_en.pdf}	
}

@book{WsCommScript,
	author = {Prof. Dr. Heinz Mathis and Dr. Hans-Dieter Lang},
	title = {WsComm\_Script\_2018},
	year = {2018}
}

@online{Fernet,
	author = {Tom Maher},
	title = {Fernet Specification},
	url = {https://github.com/fernet/spec/blob/master/Spec.md},
	urldate = {2019-04-20}
}


@online{GPS-RTK2,
	author = {SparkFun},
	title = {GPS-RTK2 Hookup Guide },
	url = {https://learn.sparkfun.com/tutorials/gps-rtk2-hookup-guide?_ga=2.16573298.530994955.1556631310-1189501383.1556288729},
	urldate = {2019-05-01}
}

@online{ZED-F9P-IntegrationManual,
	author = {ublox},
	title = {ZED-F9P Integration Manual},
	url = {https://www.u-blox.com/sites/default/files/ZED-F9P_IntegrationManual_%28UBX-18010802%29.pdf},
	urldate = {2019-05-13}
}

@online{ZED-F9P-Modul,
	author = {ublox},
	title = {u-blox F9 GNSS-Modul mit hoher Präzision },
	url = {https://www.u-blox.com/de/product/zed-f9p-module},
	urldate = {2019-05-13}
}

@online{NTRIP_RPi,
	author = {Maltan},
	title = {NtripBase auf dem Raspberry mit F9P oder M8t},
	url = {https://cerea-forum.de/forum/index.php?thread/105-ntripbase-auf-dem-raspberry-mit-f9p-oder-m8t/},
	urldate = {2019-05-13}
}

@online{RTCM,
	title = {Radio Technical Commission for Maritime Services},
	url = {http://www.rtcm.org/},
	urldate = {2019-05-19}
}

@online{RaspberryPi,
	title = {Raspberry Pi},
	url = {https://www.reichelt.de/raspberry-pi-b-4x-usb-2-0-40pin-gpio-raspberry-pi-b-p146194.html},
	urldate = {2019-05-19}
}

@online{Auth,
	author = {Anum Siddiqui},
	title = {Authorization vs Authentification},
	url = {https://medium.com/datadriveninvestor/authentication-vs-authorization-716fea914d55},
	urldate = {2019-05-20}
}

@article{IEEE802.11p,
	author={},
	journal={IEEE Std 802.11p-2010 (Amendment to IEEE Std 802.11-2007 as amended by IEEE Std 802.11k-2008, IEEE Std 802.11r-2008, IEEE Std 802.11y-2008, IEEE Std 802.11n-2009, and IEEE 			Std 802.11w-2009)},
	title={IEEE Standard for Information technology-- Local and metropolitan area networks-- Specific requirements-- Part 11: Wireless LAN Medium Access Control (MAC) and Physical Layer 			(PHY) Specifications Amendment 6: Wireless Access in Vehicular Environments},
	year={2010},
	volume={},
	number={},
	pages={1-51},
	keywords={access protocols;mobile radio;wireless LAN;IEEE standard;information technology;information exchange;wireless local area networks;metropolitan area networks;medium access 			control;physical layer specifications;wireless access;vehicular environments;IEEE Std 802.11;IEEE standards;Wireless communication;Vehicles;IEEE 802.11 Standards;5.9 			GHz;wireless access in vehicular environments},
	doi={10.1109/IEEESTD.2010.5514475},
	ISSN={},
	month={7},
}
@article{Aufgabenstellung,
	title = {Automatic EV Charging Point Authentication using V2X Communication},
	author = {Heinz Mathis},
	date = {2019-02-18}
}

@article{ETSI_EN_302_663,
	author={},
    publisher = {ETSI},
	title = {Intelligent Transport Systems (ITS);Access layer specification for  Intelligent Transport Systems operating in the 5 GHz frequency band},
	keywords = {ITS, layer 1, layer 2, MAC, profile, radio},
	version = {V1.3.0},
	year = {2019},
	month = {5}
}
@online{NTRIPV1,
	title = {Networked Transport of RTCM via Internet Protocol (Ntrip)},
	version = {1.0},
	url = {https://igs.bkg.bund.de/root_ftp/NTRIP/documentation/NtripDocumentation.pdf},
	urldate = {2019-05-26}
}

@online{NTRIPApplication&Benefit,
	author = {Elmar Lenz},
	title = {Networked Transport of RTCM via Internet Protocol (NTRIP) – Application and Benefit in Modern Surveying Systems },
	url = {https://www.fig.net/resources/proceedings/fig_proceedings/athens/papers/ts03/ts03_2_lenz.pdf},
	urldate = {2019-05-26}
}

@online{CV2X,
	publisher = {Qualcomm},
	title = {Let’s set the record straight on C-V2X},
	url = {https://www.qualcomm.com/news/onq/2018/04/25/lets-set-record-straight-c-v2x},
	year = {2018},
	month = {4},
	urldate = {2019-05-26}
	
}

@article{ETSI_EN_302_665,
	author={},
    publisher = {ETSI},
	title = {Intelligent Transport Systems (ITS);Communications Architecture},
	keywords = {architecture, interworking, ITS, transmission},
	version = {V1.1.1},
	year = {2010},
	month = {9}
}

@article{ETSI_TS_102_636-5-1,
	author={},
    publisher = {ETSI},
	title = {Intelligent Transport Systems (ITS); Vehicular Communications;GeoNetworking;Part 5: Transport Protocols; Sub-part 1: Basic Transport Protocol},
	keywords = {addressing, ITS, network, point-to-multipoint, point-to-point, protocol},
	version = {V1.1.1},
	year = {2011},
	month = {2}
}

@online{RTK,
	publisher = {VBOX Automotive},
	title = {Real Time Kinematic (RTK)},
	url = {https://www.vboxautomotive.co.uk/index.php/de/how-does-it-work-rtk},
	urldate = {2019-06-03}
	
}
	


@article{RTK_FIX/FLOAT,
	author={grampy},
	publisher = {u-blox},
	title = {Meaning of NoFix, 3D, DGNSS, DGNSS/FLOAT, and DGNSS/FIX},
	url = {https://portal.u-blox.com/s/question/0D52p00008HKD8NCAX/meaning-of-nofix-3d-dgnss-dgnssfloat-and-dgnssfix},
	urldate = {2019-06-03}	
}

@online{CohdaWirelessETSA,
	publisher = {Cohda Wireless},
	title = {ETSI: Sending/receiving BTP packets through UDP},
	url = {https://support.cohdawireless.com/hc/en-us/articles/115000972306-ETSI-Sending-receiving-BTP-packets-through-UDP},
	urldate = {2019-04-03},
	
}

@article{ETSI_EN_302_636-4-1,
	author={},
    publisher = {ETSI},
	title = {Intelligent Transport Systems (ITS); Vehicular Communications; GeoNetworking; Part 4: Geographical addressing and forwarding for point-to-point and point-to-multipoint communications; Sub-part 1: Media-Independent Functionality},
	keywords = {autonomic networking, ITS, network, safety },
	version = {V1.2.1},
	year = {2014},
	month = {05}
}


@online{V2XFuture,
	publisher = {Bill Howard},
	title = {V2V: What are vehicle-to-vehicle communications and how do they work?},
	url = {https://www.extremetech.com/extreme/176093-v2v-what-are-vehicle-to-vehicle-communications-and-how-does-it-work},
	urldate = {2019-03-11},
	date = {2014-02-06}
}

@article{RSSI,
        author = {Zhu, Xiuyan and Feng, Yuan},
        year = {2013},
        month = {01},
        title = {RSSI-based Algorithm for Indoor Localization},
        volume = {05},
        journal = {Communications and Network},
        doi = {10.4236/cn.2013.52B007}
}


@article{RTKLIBDoc,
	publisher = {RTKLIB},
	title = {RTKLIBver.2.4.2Manual},
	url = {http://www.rtklib.com/prog/manual_2.4.2.pdf},
	urldate = {2019-05-01},
	version = {V2.4.2}
}

@online{NTRIPMan,
	publisher = {Maltan},
	title = {NtripBase auf dem Raspberry mit F9P oder M8t},
	url = {https://cerea-forum.de/forum/index.php?thread/105-ntripbase-auf-dem-raspberry-mit-f9p-oder-m8t/},
	urldate = {2019-04-30}
}

@online{RTKLIB,
	title = {TKLIB: An Open Source Program Package for GNSS Positioning},
	url = {http://www.rtklib.com/},
	urldate = {2019-04-25}
}
